%%%%%%%%%
@inproceedings{alecci2021development,
  title={Development of an IR System for Argument Search.},
  author={Alecci, Marco and Baldo, Tommaso and Martinelli, Luca and Ziroldo, Elia},
  booktitle={CLEF (Working Notes)},
  pages={2302--2318},
  year={2021}
}
%%%%%%%%%

@inproceedings{maskrcnn,
  title={Mask r-cnn},
  author={He, Kaiming and Gkioxari, Georgia and Doll{\'a}r, Piotr and Girshick, Ross},
  booktitle={Proceedings of the IEEE international conference on computer vision},
  pages={2961--2969},
  year={2017}
}

@article{stockmarket,
  title={CNNpred: CNN-based stock market prediction using a diverse set of variables},
  author={Ehsan Hoseinzade and Saman Haratizadeh},
  journal={Expert Syst. Appl.},
  year={2019},
  volume={129},
  pages={273-285},
  url={https://api.semanticscholar.org/CorpusID:108315985}
}


@article{sarcasmdet,
  title={Sarcasm detection using machine learning algorithms in Twitter: A systematic review},
  author={Sarsam, Samer Muthana and Al-Samarraie, Hosam and Alzahrani, Ahmed Ibrahim and Wright, Bianca},
  journal={International Journal of Market Research},
  volume={62},
  number={5},
  pages={578--598},
  year={2020},
  publisher={SAGE Publications Sage UK: London, England}
}

@article{strokedet,
  title={Deep learning IoT system for online stroke detection in skull computed tomography images},
  author={Dourado Jr, Carlos MJM and da Silva, Suane Pires P and da Nobrega, Raul Victor M and Barros, Antonio Carlos da S and Reboucas Filho, Pedro P and de Albuquerque, Victor Hugo C},
  journal={Computer Networks},
  volume={152},
  pages={25--39},
  year={2019},
  publisher={Elsevier}
}

@article{robotRL,
  title={Towards vision-based deep reinforcement learning for robotic motion control},
  author={Zhang, Fangyi and Leitner, J{\"u}rgen and Milford, Michael and Upcroft, Ben and Corke, Peter},
  journal={arXiv preprint arXiv:1511.03791},
  year={2015}
}

@article{atariRL,
  title={Playing atari with deep reinforcement learning},
  author={Mnih, Volodymyr and Kavukcuoglu, Koray and Silver, David and Graves, Alex and Antonoglou, Ioannis and Wierstra, Daan and Riedmiller, Martin},
  journal={arXiv preprint arXiv:1312.5602},
  year={2013}
}

@article{CNNimg,
author = {Gupta, Akanksha and Narwaria, Ravindra Pratap and Solanki, Madhav},
year = {2021},
month = {01},
pages = {245-247},
title = {Review on Deep Learning Handwritten Digit Recognition using Convolutional Neural Network},
volume = {9},
journal = {International Journal of Recent Technology and Engineering},
doi = {10.35940/ijrte.E5287.019521}
}

@article{comm-nlp,
  title={Commercial applications of natural language processing},
  author={Church, Kenneth W and Rau, Lisa F},
  journal={Communications of the ACM},
  volume={38},
  number={11},
  pages={71--79},
  year={1995},
  publisher={ACM New York, NY, USA}
}

@misc{elmo,
      title={Deep contextualized word representations}, 
      author={Matthew E. Peters and Mark Neumann and Mohit Iyyer and Matt Gardner and Christopher Clark and Kenton Lee and Luke Zettlemoyer},
      year={2018},
      eprint={1802.05365},
      archivePrefix={arXiv},
      primaryClass={cs.CL}
}

@article{bert,
  title={Bert: Pre-training of deep bidirectional transformers for language understanding},
  author={Devlin, Jacob and Chang, Ming-Wei and Lee, Kenton and Toutanova, Kristina},
  journal={arXiv preprint arXiv:1810.04805},
  year={2018}
}

@article{w2v,
  title={Efficient estimation of word representations in vector space},
  author={Mikolov, Tomas and Chen, Kai and Corrado, Greg and Dean, Jeffrey},
  journal={arXiv preprint arXiv:1301.3781},
  year={2013}
}

@article{w2v2,
  title={Distributed representations of words and phrases and their compositionality},
  author={Mikolov, Tomas and Sutskever, Ilya and Chen, Kai and Corrado, Greg S and Dean, Jeff},
  journal={Advances in neural information processing systems},
  volume={26},
  year={2013}
}

@article{nce,
  title={Noise-Contrastive Estimation of Unnormalized Statistical Models, with Applications to Natural Image Statistics.},
  author={Gutmann, Michael U and Hyv{\"a}rinen, Aapo},
  journal={Journal of machine learning research},
  volume={13},
  number={2},
  year={2012}
}

@inproceedings{softplus,
  title={Improving deep neural networks using softplus units},
  author={Zheng, Hao and Yang, Zhanlei and Liu, Wenju and Liang, Jizhong and Li, Yanpeng},
  booktitle={2015 International joint conference on neural networks (IJCNN)},
  pages={1--4},
  year={2015},
  organization={IEEE}
}

@misc{text8,
  title={Large text compression benchmark},
  author={Mahoney, Matt},
  year={2011}
}

@article{srelu,
  title={Fast and accurate deep network learning by exponential linear units (elus)},
  author={Clevert, Djork-Arn{\'e} and Unterthiner, Thomas and Hochreiter, Sepp},
  journal={arXiv preprint arXiv:1511.07289},
  year={2015}
}

@inproceedings{glove,
  title={Glove: Global vectors for word representation},
  author={Pennington, Jeffrey and Socher, Richard and Manning, Christopher D},
  booktitle={Proceedings of the 2014 conference on empirical methods in natural language processing (EMNLP)},
  pages={1532--1543},
  year={2014}
}

@inproceedings{wordsim,
  title={Placing search in context: The concept revisited},
  author={Finkelstein, Lev and Gabrilovich, Evgeniy and Matias, Yossi and Rivlin, Ehud and Solan, Zach and Wolfman, Gadi and Ruppin, Eytan},
  booktitle={Proceedings of the 10th international conference on World Wide Web},
  pages={406--414},
  year={2001}
}

@inproceedings{rare_word,
    title = "Better Word Representations with Recursive Neural Networks for Morphology",
    author = "Luong, Thang  and
      Socher, Richard  and
      Manning, Christopher",
    booktitle = "Proceedings of the Seventeenth Conference on Computational Natural Language Learning",
    month = aug,
    year = "2013",
    address = "Sofia, Bulgaria",
    publisher = "Association for Computational Linguistics",
    url = "https://aclanthology.org/W13-3512",
    pages = "104--113",
}

@article{rg65,
author = {Rubenstein, Herbert and Goodenough, John},
year = {1965},
month = {10},
pages = {627-633},
title = {Contextual correlates of synonymy},
volume = {8},
journal = {Commun. ACM},
doi = {10.1145/365628.365657}
}

@article{simlex,
  title={Simlex-999: Evaluating semantic models with (genuine) similarity estimation},
  author={Hill, Felix and Reichart, Roi and Korhonen, Anna},
  journal={Computational Linguistics},
  volume={41},
  number={4},
  pages={665--695},
  year={2015},
  publisher={MIT Press One Rogers Street, Cambridge, MA 02142-1209, USA journals-info~…}
}

@misc{gigaword,
  author = {Parker, Robert and Graff, David and Kong, Junbo and Chen, Ke and Maeda, Kazuaki},
  title = {English Gigaword Fifth Edition},
  year = {2011},
  howpublished = {Web Download},
  institution = {Linguistic Data Consortium},
  address = {Philadelphia}
}

@inproceedings{analogy1,
  title={Word embeddings, analogies, and machine learning: Beyond king-man+ woman= queen},
  author={Drozd, Aleksandr and Gladkova, Anna and Matsuoka, Satoshi},
  booktitle={Proceedings of coling 2016, the 26th international conference on computational linguistics: Technical papers},
  pages={3519--3530},
  year={2016}
}

@article{analogy2,
  title={Analogies minus analogy test: measuring regularities in word embeddings},
  author={Fournier, Louis and Dupoux, Emmanuel and Dunbar, Ewan},
  journal={arXiv preprint arXiv:2010.03446},
  year={2020}
}

@inproceedings{levy-dependency,
    title = "Dependency-Based Word Embeddings",
    author = "Levy, Omer  and
      Goldberg, Yoav",
    editor = "Toutanova, Kristina  and
      Wu, Hua",
    booktitle = "Proceedings of the 52nd Annual Meeting of the Association for Computational Linguistics (Volume 2: Short Papers)",
    month = jun,
    year = "2014",
    address = "Baltimore, Maryland",
    publisher = "Association for Computational Linguistics",
    url = "https://aclanthology.org/P14-2050",
    doi = "10.3115/v1/P14-2050",
    pages = "302--308",
}

@inproceedings{sim-problems,
    title = "Problems With Evaluation of Word Embeddings Using Word Similarity Tasks",
    author = "Faruqui, Manaal  and
      Tsvetkov, Yulia  and
      Rastogi, Pushpendre  and
      Dyer, Chris",
    booktitle = "Proceedings of the 1st Workshop on Evaluating Vector-Space Representations for {NLP}",
    month = aug,
    year = "2016",
    address = "Berlin, Germany",
    publisher = "Association for Computational Linguistics",
    url = "https://aclanthology.org/W16-2506",
    doi = "10.18653/v1/W16-2506",
    pages = "30--35",
}

@inproceedings{sim-problems2,
    title = "Evaluation of Word Vector Representations by Subspace Alignment",
    author = "Tsvetkov, Yulia  and
      Faruqui, Manaal  and
      Ling, Wang  and
      Lample, Guillaume  and
      Dyer, Chris",
    editor = "M{\`a}rquez, Llu{\'\i}s  and
      Callison-Burch, Chris  and
      Su, Jian",
    booktitle = "Proceedings of the 2015 Conference on Empirical Methods in Natural Language Processing",
    month = sep,
    year = "2015",
    address = "Lisbon, Portugal",
    publisher = "Association for Computational Linguistics",
    url = "https://aclanthology.org/D15-1243",
    doi = "10.18653/v1/D15-1243",
    pages = "2049--2054",
}

@misc{gpt4,
      title={GPT-4 Technical Report}, 
      author={OpenAI},
      year={2023},
      eprint={2303.08774},
      archivePrefix={arXiv},
      primaryClass={cs.CL}
}


@masterthesis{galvan,
    title    = {Word Embedding: progettazione e valutazione di un modello del terzo ordine},
    school   = {Università degli Studi di Padova},
    author   = {Galvan, Elena},
    year     = {2022},
    month    = {2},
    type     = {MSc Thesis},
    supervisor = {Satta, Giorgio} 
} % should put advisor as author?

